<?xml version="1.0" encoding="UTF-8"?><record xmlns="http://www.loc.gov/MARC21/slim" xmlns:cinclude="http://apache.org/cocoon/include/1.0" xmlns:zs="http://www.loc.gov/zing/srw/">
  <leader>00804cz  a2200217n  4500</leader>
  <controlfield tag="001">n  82203527 </controlfield>
  <controlfield tag="003">DLC</controlfield>
  <controlfield tag="005">20050608044701.0</controlfield>
  <controlfield tag="008">830210n| acannaabn          |a aaa     c</controlfield>
  <datafield tag="010" ind1=" " ind2=" ">
    <subfield code="a">n  82203527 </subfield>
  </datafield>
  <datafield tag="035" ind1=" " ind2=" ">
    <subfield code="a">(OCoLC)oca00865719</subfield>
  </datafield>
  <datafield tag="040" ind1=" " ind2=" ">
    <subfield code="a">IEN</subfield>
    <subfield code="b">eng</subfield>
    <subfield code="c">DLC</subfield>
    <subfield code="d">OCoLC</subfield>
    <subfield code="d">DLC-OK</subfield>
    <subfield code="d">DLC</subfield>
  </datafield>
  <datafield tag="100" ind1="0" ind2=" ">
    <subfield code="a">Nguza Karl i Bond,</subfield>
    <subfield code="d">1938-</subfield>
  </datafield>
  <datafield tag="400" ind1="1" ind2=" ">
    <subfield code="a">Karl i Bond, Nguza,</subfield>
    <subfield code="d">1938-</subfield>
  </datafield>
  <datafield tag="400" ind1="1" ind2=" ">
    <subfield code="a">Bond, Nguza Karl i,</subfield>
    <subfield code="d">1938-</subfield>
  </datafield>
  <datafield tag="400" ind1="0" ind2=" ">
    <subfield code="a">Nguz-a-Karl-i-Bond,</subfield>
    <subfield code="d">1938-</subfield>
  </datafield>
  <datafield tag="400" ind1="1" ind2=" ">
    <subfield code="a">Karl-i-Bond, Nguz-a,</subfield>
    <subfield code="d">1938-</subfield>
  </datafield>
  <datafield tag="400" ind1="1" ind2=" ">
    <subfield code="a">Nguz a Karl i Bond, Jean de Dieu,</subfield>
    <subfield code="d">1938-</subfield>
  </datafield>
  <datafield tag="670" ind1=" " ind2=" ">
    <subfield code="a">His Mobutu, ou, L'incarnation du mal zaiĚrois, 1982:</subfield>
    <subfield code="b">t.p. (Nguza Karl i Bond) p. 5 (b. 8/4/38 in Musumba, Zaire)</subfield>
  </datafield>
  <datafield tag="670" ind1=" " ind2=" ">
    <subfield code="a">Nguz-a-Karl-i-Bond, 2004.</subfield>
  </datafield>
  <datafield tag="670" ind1=" " ind2=" ">
    <subfield code="a">Jean de Dieu Nguz a Karl i Bond, 2004:</subfield>
    <subfield code="b">p. 123 (27 juillet, 2003, mort de Nguz)</subfield>
  </datafield>
</record>